@article{kocher2018spectre,
	title={Spectre Attacks: Exploiting Speculative Execution},
	author={Kocher, Paul and Genkin, Daniel and Gruss, Daniel and Haas, Werner and Hamburg, Mike and Lipp, Moritz and Mangard, Stefan and Prescher, Thomas and Schwarz, Michael and Yarom, Yuval},
	journal={arXiv preprint arXiv:1801.01203},
	year={2018}
}